<record xmlns="http://www.loc.gov/MARC21/slim">
   <leader>03851cam a2200457 i 4500</leader>
   <controlfield tag="001">6815517</controlfield>
   <controlfield tag="003">OCoLC</controlfield>
   <controlfield tag="005">20150217110403.0</controlfield>
   <controlfield tag="008">140922t20152015ncua     b    001 0 eng  </controlfield>
   <datafield ind1=" " ind2=" " tag="010">
      <subfield code="a">  2014037040</subfield>
   </datafield>
   <datafield ind1=" " ind2=" " tag="020">
      <subfield code="a">9780786458745 (softcover : alk. paper)</subfield>
   </datafield>
   <datafield ind1=" " ind2=" " tag="020">
      <subfield code="a">0786458747 (softcover : alk. paper)</subfield>
   </datafield>
   <datafield ind1=" " ind2=" " tag="020">
      <subfield code="z">9781476618739 (ebook)</subfield>
   </datafield>
   <datafield ind1="8" ind2=" " tag="024">
      <subfield code="a">40024316167</subfield>
   </datafield>
   <datafield ind1=" " ind2=" " tag="035">
      <subfield code="a">ocn891324480</subfield>
   </datafield>
   <datafield ind1=" " ind2=" " tag="040">
      <subfield code="a">DLC</subfield>
      <subfield code="b">eng</subfield>
      <subfield code="e">rda</subfield>
      <subfield code="c">DLC</subfield>
      <subfield code="d">YDX</subfield>
      <subfield code="d">YDXCP</subfield>
      <subfield code="d">BTCTA</subfield>
      <subfield code="d">BDX</subfield>
      <subfield code="d">YUS</subfield>
      <subfield code="d">OCLCO</subfield>
      <subfield code="d">VGM</subfield>
      <subfield code="d">UAB</subfield>
      <subfield code="d">AEU</subfield>
   </datafield>
   <datafield ind1=" " ind2=" " tag="042">
      <subfield code="a">pcc</subfield>
   </datafield>
   <datafield ind1="0" ind2="0" tag="050">
      <subfield code="a">PN56.F34</subfield>
      <subfield code="b">F3555 2015</subfield>
   </datafield>
   <datafield ind1="0" ind2="0" tag="082">
      <subfield code="a">809.3/8766</subfield>
      <subfield code="2">23</subfield>
   </datafield>
   <datafield ind1=" " ind2=" " tag="090">
      <subfield code="a">PN 56 F34 F3555 2015</subfield>
      <subfield code="b">AEU</subfield>
   </datafield>
   <datafield ind1="0" ind2="4" tag="245">
      <subfield code="a">The fantastic in Holocaust literature and film :</subfield>
      <subfield code="b">critical perspectives /</subfield>
      <subfield code="c">edited by Judith B. Kerman and John Edgar Browning ; foreword by Jane Yolen.</subfield>
   </datafield>
   <datafield ind1=" " ind2="1" tag="264">
      <subfield code="a">Jefferson, North Carolina :</subfield>
      <subfield code="b">McFarland &amp; Company, Inc., Publishers,</subfield>
      <subfield code="c">[2015]</subfield>
   </datafield>
   <datafield ind1=" " ind2="4" tag="264">
      <subfield code="c">©2015</subfield>
   </datafield>
   <datafield ind1=" " ind2=" " tag="300">
      <subfield code="a">x, 232 pages :</subfield>
      <subfield code="b">illustrations ;</subfield>
      <subfield code="c">23 cm.</subfield>
   </datafield>
   <datafield ind1=" " ind2=" " tag="336">
      <subfield code="a">text</subfield>
      <subfield code="b">txt</subfield>
      <subfield code="2">rdacontent</subfield>
   </datafield>
   <datafield ind1=" " ind2=" " tag="337">
      <subfield code="a">unmediated</subfield>
      <subfield code="b">n</subfield>
      <subfield code="2">rdamedia</subfield>
   </datafield>
   <datafield ind1=" " ind2=" " tag="338">
      <subfield code="a">volume</subfield>
      <subfield code="b">nc</subfield>
      <subfield code="2">rdacarrier</subfield>
   </datafield>
   <datafield ind1="1" ind2=" " tag="490">
      <subfield code="a">Critical Explorations in Science Fiction and Fantasy ;</subfield>
      <subfield code="v">49</subfield>
   </datafield>
   <datafield ind1=" " ind2=" " tag="504">
      <subfield code="a">Includes bibliographical references (pages 213-222) and index.</subfield>
   </datafield>
   <datafield ind1="0" ind2=" " tag="505">
      <subfield code="a">Introduction: Fantasy as testimony / Gary K. Wolfe -- Avenues of the fantastic in Holocaust literature. Uses of the fantastic in literature of the Holocaust / Judith B. Kerman -- The Fantastic in Holocaust Literature: Writing and unwriting the unbearable / Michael P. McCleary -- Surviving the Survivor: Art Spiegelman's Maus / Joan Gordon -- The Fantastic Search for Hitler: The Führer's Defense in His Own Words / Eric J. Sterling -- "Hidden in Plain Sight": On Holocaust Fantasy in the Metaphysical Detective Story / Patricia Merivale -- The Summons of Freedom: Fantastic History in Jonathan Safran Foer's Everything Is Illuminated / Paul Eisenstein -- The Holocaust and Fantasy Literature. The Last of the Just: Lifting Moloch to Heaven / Jules Zanger -- The Door to Lilith's Cave: Memory and Imagination in Jane Yolen's Holocaust Novels / Ellen R. Weil -- Mother Goose Tales: Intergenerational Storytelling and the Holocaust in Jane Yolen's Briar Rose and Peter Rushforth's Kindergarten / Vandana Saxena -- The Devil's Arithmetic and Time Travel: Truth and Memory / Carol A. Senf -- (Re)Imagining the Holocaust through horror, humor and science fiction. A Holocaust education in reverse: Stephen King's "The summer of corruption: apt pupil" / Leon Stein -- Holocaust-as-Horror, Science Fiction and the "Look" of the "Real/Reel" in V (1983) / John Edgar Browning -- A Dishonest Reckoning: Play-"Acting Through" Personal Trauma and the Shoah in Martin Scorsese's Shutter Island (2010) / Kristopher Mecholsky -- Going Beyond Horror: Fantasy, Humor and the Holocaust / Caroline Joan (Kay) S. Picart.</subfield>
   </datafield>
   <datafield ind1="2" ind2=" " tag="520">
      <subfield code="a">"This collection of new essays explores the use of fantastic story-telling in Holocaust literature and film. Writers such as Jane Yolen and Art Spiegelman are discussed, as well as the sci-fi television series V (1983), Stephen King's novella Apt Pupil (1982), Guillermo del Toro's Pan's Labyrinth (2006) and Martin Scorsese's dark thriller Shutter Island (2010)"--</subfield>
      <subfield code="c">Provided by publisher.</subfield>
   </datafield>
   <datafield ind1=" " ind2=" " tag="596">
      <subfield code="a">16</subfield>
   </datafield>
   <datafield ind1=" " ind2="0" tag="650">
      <subfield code="a">Fantasy literature</subfield>
      <subfield code="x">History and criticism.</subfield>
   </datafield>
   <datafield ind1=" " ind2="0" tag="650">
      <subfield code="a">Fantasy films</subfield>
      <subfield code="x">History and critcism.</subfield>
   </datafield>
   <datafield ind1=" " ind2="0" tag="650">
      <subfield code="a">Holocaust, Jewish (1939-1945), in literature.</subfield>
   </datafield>
   <datafield ind1=" " ind2="0" tag="650">
      <subfield code="a">Holocaust, Jewish (1939-1945), in motion pictures.</subfield>
   </datafield>
   <datafield ind1="1" ind2=" " tag="700">
      <subfield code="a">Kerman, Judith,</subfield>
      <subfield code="d">1945-</subfield>
      <subfield code="e">editor.</subfield>
   </datafield>
   <datafield ind1="1" ind2=" " tag="700">
      <subfield code="a">Browning, John Edgar,</subfield>
      <subfield code="e">editor.</subfield>
   </datafield>
   <datafield ind1=" " ind2="0" tag="830">
      <subfield code="a">Critical explorations in science fiction and fantasy ;</subfield>
      <subfield code="v">49.</subfield>
   </datafield>
   <datafield ind1=" " ind2=" " tag="949">
      <subfield code="a">PN 56 F34 F3555 2015</subfield>
      <subfield code="h">UAAU-B</subfield>
      <subfield code="i">0162035245610</subfield>
   </datafield>
   <datafield ind1=" " ind2=" " tag="926">
      <subfield code="a">PN 56 F34 F3555 2015</subfield>
      <subfield code="w">LC</subfield>
      <subfield code="c">1</subfield>
      <subfield code="i">0162035245610</subfield>
      <subfield code="d">2/28/2017</subfield>
      <subfield code="e">2/21/2017</subfield>
      <subfield code="l">ON_SHELF</subfield>
      <subfield code="m">UAAUG</subfield>
      <subfield code="n">10</subfield>
      <subfield code="p">$150.00</subfield>
      <subfield code="r">Y</subfield>
      <subfield code="s">Y</subfield>
      <subfield code="t">BOOK</subfield>
      <subfield code="u">3/4/2015</subfield>
   </datafield>
</record>
